@incollection{lee1998independent,
  title={Independent component analysis},
  author={Lee, Te-Won},
  booktitle={Independent component analysis},
  pages={27--66},
  year={1998},
  publisher={Springer}
}

@article{novey2008complex,
  title={Complex ICA by negentropy maximization},
  author={Novey, Michael and Adali, Tulay},
  journal={IEEE Transactions on Neural Networks},
  volume={19},
  number={4},
  pages={596--609},
  year={2008},
  publisher={IEEE}
}

@book{smith2011spectral,
  title={Spectral audio signal processing},
  author={Smith III, Juliu O},
  year={2011},
  publisher={W3K publishing}
}

@article{smaragdis1998blind,
  title={Blind separation of convolved mixtures in the frequency domain},
  author={Smaragdis, Paris},
  journal={Neurocomputing},
  volume={22},
  number={1-3},
  pages={21--34},
  year={1998},
  publisher={Elsevier}
}

@manual{loc_2008,
    title={Linear Pulse Code Modulated Audio (LPCM)}, url={https://www.loc.gov/preservation/digital/formats/fdd/fdd000011.shtml}, journal={Linear Pulse Code Modulated Audio ({LPCM})}, 
    publisher={Library of Congress}, 
    author={{Library of Congress}}, 
    year={2008}, 
    month={Feb}
}

@manual{loc_2012, title={{WAVE} Audio File Format}, url={https://www.loc.gov/preservation/digital/formats/fdd/fdd000001.shtml}, journal={WAVE Audio File Format}, publisher={{Library of Congress}}, author={{Library of Congress}}, year={2012}, month={Oct}}

@misc{sapp_2004, title={WAVE PCM soundfile format}, url={http://soundfile.sapp.org/doc/WaveFormat/}, journal={Microsoft WAVE soundfile format}, author={Sapp, Craig Stuart}, year={2004}, month={Aug}}

@article{bingham2000fast,
  title={A fast fixed-point algorithm for independent component analysis of complex valued signals},
  author={Bingham, Ella and Hyv{\"a}rinen, Aapo},
  journal={International journal of neural systems},
  volume={10},
  number={01},
  pages={1--8},
  year={2000},
  publisher={World Scientific}
}

@article{hyvarinen1999fast,
  title={Fast and robust fixed-point algorithms for independent component analysis},
  author={Hyvarinen, Aapo},
  journal={IEEE transactions on Neural Networks},
  volume={10},
  number={3},
  pages={626--634},
  year={1999},
  publisher={IEEE}
}

@article{hyvarinen2000independent,
  title={Independent component analysis: algorithms and applications},
  author={Hyv{\"a}rinen, Aapo and Oja, Erkki},
  journal={Neural networks},
  volume={13},
  number={4-5},
  pages={411--430},
  year={2000},
  publisher={Elsevier}
}

@inproceedings{ono2011stable,
  title={Stable and fast update rules for independent vector analysis based on auxiliary function technique},
  author={Ono, Nobutaka},
  booktitle={2011 IEEE Workshop on Applications of Signal Processing to Audio and Acoustics (WASPAA)},
  pages={189--192},
  year={2011},
  organization={IEEE}
}

@article{bofill2001underdetermined,
  title={Underdetermined blind source separation using sparse representations},
  author={Bofill, Pau and Zibulevsky, Michael},
  journal={Signal processing},
  volume={81},
  number={11},
  pages={2353--2362},
  year={2001},
  publisher={Elsevier}
}

@book{nesterov2013introductory,
  title={Introductory lectures on convex optimization: A basic course},
  author={Nesterov, Yurii},
  volume={87},
  year={2013},
  publisher={Springer Science \& Business Media}
}

@inproceedings{su2014differential,
  title={A differential equation for modeling Nesterov’s accelerated gradient method: Theory and insights},
  author={Su, Weijie and Boyd, Stephen and Candes, Emmanuel},
  booktitle={Advances in Neural Information Processing Systems},
  pages={2510--2518},
  year={2014}
}

@inproceedings{nguyen2017learning,
  title={Learning complex-valued latent filters with absolute cosine similarity},
  author={Nguyen, Anh HT and Reju, VG and Khong, Andy WH and Soon, Yann},
  booktitle={2017 IEEE International Conference on Acoustics, Speech and Signal Processing (ICASSP)},
  pages={2412--2416},
  year={2017},
  organization={IEEE}
}

@article{sutskever2013importance,
  title={On the importance of initialization and momentum in deep learning.},
  author={Sutskever, Ilya and Martens, James and Dahl, George E and Hinton, Geoffrey E},
  journal={ICML (3)},
  volume={28},
  number={1139-1147},
  pages={5},
  year={2013}
}

@inproceedings{46687,
title	= {State-of-the-art Speech Recognition With Sequence-to-Sequence Models},
author	= {Chung-Cheng Chiu and Tara Sainath and Yonghui Wu and Rohit Prabhavalkar and Patrick Nguyen and Zhifeng Chen and Anjuli Kannan and Ron J. Weiss and Kanishka Rao and Katya Gonina and Navdeep Jaitly and Bo Li and Jan Chorowski and Michiel Bacchiani},
year	= {2018},
URL	= {https://arxiv.org/pdf/1712.01769.pdf}
}

@manual{google_2019, 
    title={Selecting a transcription model}, 
    author={Google}, 
    organization={Google Cloud},
    year={2019}, 
    month={Feb},
    URL = {https://cloud.google.com/speech-to-text/docs/transcription-model}
}
    
@article{wang2014multi,
  title={Multi-band multi-centroid clustering based permutation alignment for frequency-domain blind speech separation},
  author={Wang, Lin},
  journal={Digital Signal Processing},
  volume={31},
  pages={79--92},
  year={2014},
  publisher={Elsevier}
}

@article{jonker1987shortest,
  title={A shortest augmenting path algorithm for dense and sparse linear assignment problems},
  author={Jonker, Roy and Volgenant, Anton},
  journal={Computing},
  volume={38},
  number={4},
  pages={325--340},
  year={1987},
  publisher={Springer}
}

@misc{Andreas2017,
  author = {Ahlenstorf, Andreas},
  title = {Android {AudioRecord} Sample},
  year = {2017},
  month = {Jun},
  howpublished = {GitHub Repository},
  URL = {https://github.com/aahlenst/android-audiorecord-sample},
  note = {Apache License 2.0}
}

@misc{Akgul2017,
  author = {Ahmet Can Akgül},
  title = {Android {AudioRecord} Sample},
  year = {2017},
  month = {Apr},
  howpublished = {StackOverflow},
  URL = {https://stackoverflow.com/a/43569709/10699730},
  note = {Creative Commons Attribution-ShareAlike 4.0}
}

@misc{fastmath2016, 
author={{Apache Software Foundation}}, 
title={Utilities}, url={http://commons.apache.org/proper/commons-math/userguide/utilities.html}, 
organization={Apache Commons}, 
year={2016}, 
month={Aug}}

@misc{stft2008,
  author = {Emmanuel Vincent},
  title = {{Multichannel short-time Fourier transform (STFT) using half-overlapping sine windows}},
  year = {2008},
  howpublished = {Signal Separation Evaluation Campaign 2008 (SiSEC)},
  URL = {http://sisec2008.wiki.irisa.fr/stft_multie626.m},
  note = {GNU General Public License 3.0}
}

@misc{istft2008,
  author = {Emmanuel Vincent},
  title = {{Multichannel inverse short-time Fourier transform (ISTFT)  using half-overlapping sine windows}},
  year = {2008},
  howpublished = {Signal Separation Evaluation Campaign 2008 (SiSEC)},
  URL = {http://sisec2008.wiki.irisa.fr/istft_multiffe9.m},
  note = {GNU General Public License 3.0}
}

@misc{auxivapy2018,
  author = {Robin Scheibler},
  title = {Blind Source Separation using Independent Vector Analysis with Auxiliary Function},
  year = {2018},
  howpublished = {GitHub Repository, Audiovisual Communications Laboratory, School of Computer and Communication Sciences, École polytechnique fédérale de Lausanne},
  URL = {https://github.com/LCAV/pyroomacoustics/blob/master/pyroomacoustics/bss/auxiva.py},
  note = {MIT License}
}

@misc{fastmathsource2016, 
author={{Apache Software Foundation}},
title={{FastMath} Source Code}, url={http://commons.apache.org/proper/commons-math/javadocs/api-3.3/src-html/org/apache/commons/math3/util/FastMath.html}, 
organization={Apache Commons}, 
year={2014}, 
month={May}}

@inproceedings{matsuoka2002minimal,
  title={Minimal distortion principle for blind source separation},
  author={Matsuoka, Kiyotoshi},
  booktitle={Proceedings of the 41st SICE Annual Conference. SICE 2002.},
  volume={4},
  pages={2138--2143},
  year={2002},
  organization={IEEE}
}

@misc{auxivabp2018,
  author = {Robin Scheibler},
  title = {Common Functions used in {BSS} algorithms},
  year = {2018},
  howpublished = {GitHub Repository, Audiovisual Communications Laboratory, School of Computer and Communication Sciences, École polytechnique fédérale de Lausanne},
  URL = {https://github.com/LCAV/pyroomacoustics/blob/pypi-release/pyroomacoustics/bss/common.py},
  note = {MIT License}
}

@manual{jnl1997, 
    title={Overview of {JNL}, a Numerical Library for Java}, 
    author={{Visual Numerics}}, 
    year={1997},
    URL = {http://physics.oregonstate.edu/~landaur/COURSES/Handouts/JNL/api/}
}

@misc{berman2015,
  author = {David Berman},
  title = {Bipartite-Solver},
  year = {2015},
  month = {Apr},
  howpublished = {GitHub Repository},
  URL = {https://github.com/dberm22/Bipartite-Solver},
  note = {used with permission from the author}
}

@article{garofolo1993timit,
  title={{TIMIT} acoustic phonetic continuous speech corpus},
  author={Garofolo, John S},
  journal={Linguistic Data Consortium, 1993},
  year={1993}
}

@article{harris1978use,
  title={On the use of windows for harmonic analysis with the discrete Fourier transform},
  author={Harris, Fredric J},
  journal={Proceedings of the IEEE},
  volume={66},
  number={1},
  pages={51--83},
  year={1978},
  publisher={IEEE}
}

@article{selesnick2009short,
  title={Short-time {Fourier} transform and its inverse},
  author={Selesnick, Ivan W},
  journal={Signal},
  volume={10},
  number={1},
  pages={2},
  year={2009}
}

@inproceedings{taal2010short,
  title={A short-time objective intelligibility measure for time-frequency weighted noisy speech},
  author={Taal, Cees H and Hendriks, Richard C and Heusdens, Richard and Jensen, Jesper},
  booktitle={2010 IEEE International Conference on Acoustics, Speech and Signal Processing},
  pages={4214--4217},
  year={2010},
  organization={IEEE}
}

@article{jensen2016algorithm,
  title={An algorithm for predicting the intelligibility of speech masked by modulated noise maskers},
  author={Jensen, Jesper and Taal, Cees H},
  journal={IEEE/ACM Transactions on Audio, Speech, and Language Processing},
  volume={24},
  number={11},
  pages={2009--2022},
  year={2016},
  publisher={IEEE}
}

@misc{wer2016,
  author = {Eduard Polityko},
  title = {Word Error Rate},
  year = {2016},
  month = {Mar},
  howpublished = {MATLAB Central File Exchange},
  URL = {https://www.mathworks.com/matlabcentral/fileexchange/55825-word-error-rate}
}

@Inproceedings{liu2008,
author = {Liu, Zicheng},
title = {Sound Source Seperation with Distributed Microphone Arrays in the Presence of Clocks Synchronization Errors},
year = {2008},
month = {September},
url = {https://www.microsoft.com/en-us/research/publication/sound-source-seperation-distributed-microphone-arrays-presence-clocks-synchronization-errors/},
edition = {International Workshop for Acoustic Echo and Noise Control (IWAENC 2008)},
}

@article{vincent2006performance,
  title={Performance measurement in blind audio source separation},
  author={Vincent, Emmanuel and Gribonval, R{\'e}mi and F{\'e}votte, C{\'e}dric},
  journal={IEEE transactions on audio, speech, and language processing},
  volume={14},
  number={4},
  pages={1462--1469},
  year={2006},
  publisher={IEEE}
}

@manual{android_2019, 
    title={Application Fundamentals}, 
    author={Google}, 
    organization={Google Developers},
    URL = {https://developer.android.com/guide/components/fundamentals}
}

@manual{android2019request, 
    title={Request App Permissions}, 
    author={Google}, 
    organization={Android Open Source Project via Google Developers},
    URL = {https://developer.android.com/guide/components/fundamentals}
}

@manual